<record xmlns="http://www.loc.gov/MARC21/slim" xmlns:xsi="http://www.w3.org/2001/XMLSchema-instance" xsi:schemaLocation="http://www.loc.gov/MARC21/slim http://www.loc.gov/standards/marcxml/schema/MARC21slim.xsd"><leader>     nam a22        4500</leader><controlfield tag="001">3063588</controlfield><controlfield tag="003">NNC</controlfield><controlfield tag="006">m        d        </controlfield><controlfield tag="007">cr cn |||m|||a</controlfield><controlfield tag="008">150313s1903    ua      o     000 0 ara d</controlfield><datafield ind1=" " ind2=" " tag="040"><subfield code="a">NNU</subfield><subfield code="b">eng</subfield><subfield code="e">rda</subfield><subfield code="c">NNU</subfield></datafield><datafield ind1="1" ind2=" " tag="100"><subfield code="a">Sanu&#772;si&#772;, Muh&#803;ammad ibn Yu&#772;suf,</subfield><subfield code="d">approximately 1427-approximately 1490.</subfield></datafield><datafield ind1="1" ind2="0" tag="240"><subfield code="a">H&#803;a&#772;shiyah &#699;ala&#772; Mukhtas&#803;ar Muh&#803;ammad ibn Yu&#772;suf al-Sanu&#772;si&#772; fi&#772; &#699;ilm al-mant&#803;iq</subfield></datafield><datafield ind1="1" ind2="0" tag="245"><subfield code="a">Ha&#772;dhihi&#772; Ha&#772;shiyat al-Shaykh Ibra&#772;hi&#772;m al-Bayjuri&#772; &#697;ala Mukhtasar sayyidina al-shaykh Muhammad ibn Yusuf al-Sanusi fi&#772; fann al-mantiq.</subfield><subfield code="b">Wa-bi-ha&#772;mishihi&#772;: Sharh al-imam al-madhku&#772;r &#697;ala&#772; Mukhtasarihi&#772; fi &#697;ilm al-mantiq.</subfield></datafield><datafield ind1=" " ind2=" " tag="260"><subfield code="a">Misr,</subfield><subfield code="b">Matb. al-Taqaddum al-&#697;Ilmiyah,</subfield><subfield code="c">1321 [1903]</subfield></datafield><datafield ind1=" " ind2=" " tag="300"><subfield code="a">online resource (208 pages)</subfield></datafield><datafield ind1=" " ind2=" " tag="336"><subfield code="a">text</subfield><subfield code="2">rdacontent</subfield></datafield><datafield ind1=" " ind2=" " tag="337"><subfield code="a">computer</subfield><subfield code="2">rdamedia</subfield></datafield><datafield ind1=" " ind2=" " tag="338"><subfield code="a">online resource</subfield><subfield code="2">rdacarrier</subfield></datafield><datafield ind1=" " ind2=" " tag="500"><subfield code="a">Part of the Arabic Collections Online (ACO) project, contributed by Columbia University Libraries.</subfield></datafield><datafield ind1=" " ind2=" " tag="533"><subfield code="a">Electronic reproduction.</subfield><subfield code="b">New York, N.Y. :</subfield><subfield code="c">New York University,</subfield><subfield code="d">2015.</subfield><subfield code="5">NNU</subfield></datafield><datafield ind1=" " ind2="0" tag="650"><subfield code="a">Logic.</subfield></datafield><datafield ind1=" " ind2="7" tag="650"><subfield code="a">Logic.</subfield><subfield code="2">fast</subfield><subfield code="0">(OCoLC)fst01002014</subfield></datafield><datafield ind1="1" ind2=" " tag="700"><subfield code="a">Ba&#772;ju&#772;ri&#772;, Ibra&#772;hi&#772;m ibn Muh&#803;ammad,</subfield><subfield code="d">1783 or 1784-1860.</subfield></datafield><datafield ind1="2" ind2=" " tag="710"><subfield code="a">Columbia University.</subfield><subfield code="b">Libraries.</subfield></datafield><datafield ind1="0" ind2=" " tag="730"><subfield code="a">Arabic Collections Online.</subfield></datafield><datafield ind1="0" ind2="8" tag="776"><subfield code="i">Print version:</subfield><subfield code="a">Sanu&#772;si&#772;, Muh&#803;ammad ibn Yu&#772;suf, approximately 1427-approximately 1490.</subfield><subfield code="t">Ha&#772;dhihi&#772; Ha&#772;shiyat al-Shaykh Ibra&#772;hi&#772;m al-Bayjuri&#772; &#697;ala Mukhtasar sayyidina al-shaykh Muhammad ibn Yusuf al-Sanusi fi&#772; fann al-mantiq</subfield><subfield code="w">(NNC)3063588</subfield><subfield code="w">(OCoLC)47760656</subfield></datafield><datafield ind1="4" ind2="0" tag="856"><subfield code="u">http://hdl.handle.net/2333.1/xgxd27mg</subfield></datafield><datafield ind1=" " ind2=" " tag="959"><subfield code="a">NNU</subfield><subfield code="b">WEB</subfield><subfield code="c">GENI</subfield><subfield code="t">0</subfield><subfield code="m">Electronic access</subfield><subfield code="s">01</subfield></datafield><datafield ind1=" " ind2=" " tag="999"><subfield code="i">NNC_3063588</subfield><subfield code="o">(OCoLC)ocm47760656 </subfield><subfield code="s">columbia_aco000584</subfield><subfield code="e">(ERROR-880)</subfield></datafield></record>